{
  "leader": "01999cam a2200409Ia 4500",
  "fields": [
    {
      "001": "ocm00263197\\"
    },
    {
      "003": "OCoLC"
    },
    {
      "005": "20220701133916.0"
    },
    {
      "008": "720314s1955\\\\\\\\dcu\\\\\\\\\\\\\\\\\\\\f000\\0\\eng\\\\"
    },
    {
      "010": {
        "ind1": "\\",
        "ind2": "\\",
        "subfields": [
          {
            "a": "   55061467 "
          }
        ]
      }
    },
    {
      "040": {
        "ind1": "\\",
        "ind2": "\\",
        "subfields": [
          {
            "a": "DLC"
          },
          {
            "b": "eng"
          },
          {
            "c": "WSU"
          },
          {
            "d": "OCL"
          },
          {
            "d": "IUP"
          },
          {
            "d": "KEN"
          },
          {
            "d": "SLU"
          },
          {
            "d": "OCLCQ"
          },
          {
            "d": "AGL"
          },
          {
            "d": "OCLCF"
          },
          {
            "d": "OCLCQ"
          },
          {
            "d": "JHE"
          },
          {
            "d": "UKMGB"
          },
          {
            "d": "OCLCO"
          },
          {
            "d": "OCLCQ"
          },
          {
            "d": "OCLCO"
          }
        ]
      }
    },
    {
      "016": {
        "ind1": "7",
        "ind2": "\\",
        "subfields": [
          {
            "a": "CAT10996088"
          },
          {
            "2": "DNAL"
          }
        ]
      }
    },
    {
      "016": {
        "ind1": "7",
        "ind2": "\\",
        "subfields": [
          {
            "a": "003717504"
          },
          {
            "2": "Uk"
          }
        ]
      }
    },
    {
      "019": {
        "ind1": "\\",
        "ind2": "\\",
        "subfields": [
          {
            "a": "29620641"
          },
          {
            "a": "753078324"
          },
          {
            "a": "1145259119"
          },
          {
            "a": "1153210412"
          },
          {
            "a": "1166497115"
          },
          {
            "a": "1224886082"
          },
          {
            "a": "1231495993"
          },
          {
            "a": "1298274794"
          }
        ]
      }
    },
    {
      "035": {
        "ind1": "\\",
        "ind2": "\\",
        "subfields": [
          {
            "a": "(OCoLC)263197"
          },
          {
            "z": "(OCoLC)29620641"
          },
          {
            "z": "(OCoLC)753078324"
          },
          {
            "z": "(OCoLC)1145259119"
          },
          {
            "z": "(OCoLC)1153210412"
          },
          {
            "z": "(OCoLC)1166497115"
          },
          {
            "z": "(OCoLC)1224886082"
          },
          {
            "z": "(OCoLC)1231495993"
          },
          {
            "z": "(OCoLC)1298274794"
          }
        ]
      }
    },
    {
      "043": {
        "ind1": "\\",
        "ind2": "\\",
        "subfields": [
          {
            "a": "n-us---"
          }
        ]
      }
    },
    {
      "050": {
        "ind1": "0",
        "ind2": "4",
        "subfields": [
          {
            "a": "HV85"
          },
          {
            "b": ".A415"
          }
        ]
      }
    },
    {
      "070": {
        "ind1": "0",
        "ind2": "\\",
        "subfields": [
          {
            "a": "173"
          },
          {
            "b": "In8272F"
          }
        ]
      }
    },
    {
      "072": {
        "ind1": "\\",
        "ind2": "7",
        "subfields": [
          {
            "a": "X800"
          }
        ]
      }
    },
    {
      "082": {
        "ind1": "0",
        "ind2": "4",
        "subfields": [
          {
            "a": "361.6"
          },
          {
            "b": "STU"
          }
        ]
      }
    },
    {
      "245": {
        "ind1": "0",
        "ind2": "2",
        "subfields": [
          {
            "a": "A study committee report on federal aid to welfare :"
          },
          {
            "b": "submitted to the Commission on Intergovernmental Relations /"
          },
          {
            "c": "by the Study Committee on Federal Aid to Welfare."
          }
        ]
      }
    },
    {
      "246": {
        "ind1": "3",
        "ind2": "0",
        "subfields": [
          {
            "a": "Federal aid to welfare"
          }
        ]
      }
    },
    {
      "260": {
        "ind1": "\\",
        "ind2": "\\",
        "subfields": [
          {
            "a": "Washington, D.C. :"
          },
          {
            "b": "For sale by the Supt. of Docs., U.S. G.P.O.,"
          },
          {
            "c": "1955."
          }
        ]
      }
    },
    {
      "300": {
        "ind1": "\\",
        "ind2": "\\",
        "subfields": [
          {
            "a": "ix, 115 pages ;"
          },
          {
            "c": "24 cm"
          }
        ]
      }
    },
    {
      "336": {
        "ind1": "\\",
        "ind2": "\\",
        "subfields": [
          {
            "a": "text"
          },
          {
            "b": "txt"
          },
          {
            "2": "rdacontent"
          }
        ]
      }
    },
    {
      "337": {
        "ind1": "\\",
        "ind2": "\\",
        "subfields": [
          {
            "a": "unmediated"
          },
          {
            "b": "n"
          },
          {
            "2": "rdamedia"
          }
        ]
      }
    },
    {
      "338": {
        "ind1": "\\",
        "ind2": "\\",
        "subfields": [
          {
            "a": "volume"
          },
          {
            "b": "nc"
          },
          {
            "2": "rdacarrier"
          }
        ]
      }
    },
    {
      "500": {
        "ind1": "\\",
        "ind2": "\\",
        "subfields": [
          {
            "a": "\"June 1955.\""
          }
        ]
      }
    },
    {
      "650": {
        "ind1": "\\",
        "ind2": "0",
        "subfields": [
          {
            "a": "Public welfare"
          },
          {
            "z": "United States."
          }
        ]
      }
    },
    {
      "650": {
        "ind1": "\\",
        "ind2": "7",
        "subfields": [
          {
            "a": "Public welfare."
          },
          {
            "2": "fast"
          },
          {
            "0": "(OCoLC)fst01083250"
          }
        ]
      }
    },
    {
      "651": {
        "ind1": "\\",
        "ind2": "7",
        "subfields": [
          {
            "a": "United States."
          },
          {
            "2": "fast"
          },
          {
            "0": "(OCoLC)fst01204155"
          }
        ]
      }
    },
    {
      "710": {
        "ind1": "1",
        "ind2": "\\",
        "subfields": [
          {
            "a": "United States."
          },
          {
            "b": "Commission on Intergovernmental Relations."
          },
          {
            "b": "Study Committee on Federal Aid to Welfare."
          }
        ]
      }
    },
    {
      "776": {
        "ind1": "0",
        "ind2": "8",
        "subfields": [
          {
            "i": "Online version:"
          },
          {
            "t": "Study committee report on federal aid to welfare."
          },
          {
            "d": "Washington, D.C. : For sale by the Supt. of Docs., U.S.G.P.O., 1955"
          },
          {
            "w": "(OCoLC)573433510"
          }
        ]
      }
    },
    {
      "776": {
        "ind1": "0",
        "ind2": "8",
        "subfields": [
          {
            "i": "Online version:"
          },
          {
            "t": "Study committee report on federal aid to welfare."
          },
          {
            "d": "Washington, D.C. : For sale by the Supt. of Docs., U.S.G.P.O., 1955"
          },
          {
            "w": "(OCoLC)606214641"
          }
        ]
      }
    },
    {
      "994": {
        "ind1": "\\",
        "ind2": "\\",
        "subfields": [
          {
            "a": "Z0"
          },
          {
            "b": "NYRVC"
          }
        ]
      }
    },
    {
      "948": {
        "ind1": "\\",
        "ind2": "\\",
        "subfields": [
          {
            "h": "NO HOLDINGS IN NYRVC - 131 OTHER HOLDINGS"
          }
        ]
      }
    },
    {
      "999": {
        "ind1": "\\",
        "ind2": "\\",
        "subfields": [
          {
            "a": "00000000014307"
          }
        ]
      }
    }
  ]
}